@article{smith2024dataops,
  author    = {Smith, John and Doe, Jane},
  title     = {DataOps and Generative AI: Transforming Data Governance},
  journal   = {Journal of Data Management},
  year      = {2024},
  volume    = {12},
  number    = {1},
  pages     = {45--60},
}

@inproceedings{zhang2023genai,
  author    = {Zhang, Wei and Lee, Celia},
  title     = {GenAI-driven Root Cause Analysis for Large-Scale Data Pipelines},
  booktitle = {Proceedings of the IEEE International Conference on Data Engineering},
  year      = {2023},
  pages     = {123--134},
}

@article{johnson2022autonomous,
  author    = {Johnson, Mary and Patel, Ravi},
  title     = {Autonomous Data Quality Improvement through Feedback Loops},
  journal   = {Data Science Review},
  year      = {2022},
  volume    = {5},
  number    = {4},
  pages     = {210--225},
}